@Article{CUDAlign,
  author    = {Edans Flavius de O. Sandes and Alba Cristina M. A. de Melo},
  title     = {{CUDAlign: Using GPU to Accelerate the Comparison of Megabase Genomic Sequences}},
  journal   = {{Proceedings of the 15th ACM SIGPLAN Symposium on Principles and Practice of Parallel Programming}},
  year      = {2010},
  pages     = {137–146},
}

@Article{NGS1,
  author    = {Srivalsa Bhaskaran and Chithralekha Saikumar},
  title     = {{A Review of Next Generation Sequencing Methods and its Applications in Laboratory Diagnosis}},
  journal   = {{Journal of Pure and Applied Microbiology}},
  year      = {2022},
  pages     = {825–833},
}

@Article{NGS2,
  author    = {Satam, S and Bhagat, S and Pawar, S},
  title     = {{Next-Generation Sequencing Technology: Current Trends and Advancements}},
  journal   = {{Biology}},
  year      = {2023},
}

@Aticle{CUDA1,
    author = {Ian Buck},
    title = {{NVIDIA CUDA Software and GPU Parallel Computing Architecture}},
    journal = {{Proceedings of the 6th ACM Conference on Computing Frontiers}},
    year = {2009}, 
}

@Aticle{CUDA2,
    author = {​John Nickolls and Ian Buck and Michael Garland（NVIDIA）},
    title = {{Scalable Parallel Programming with CUDA}},
    journal = {{​ACM Queue}},
    year = {2008}, 
}

@Aticle{CUDA3,
    author = {Nauman Ahmed and Hamid Mushtaq and Koen Bertels and Zaid Al-Ars},
    title = {{GPU Accelerated API for Alignment of Genomics Sequencing Data}},
    journal = {{IEEE}},
    year = {2017},
    pages = {1 - 8}
}

@Aticle{CUDA4,
    author = {Fang Zheng and Xianbin Xu and Yuanhua Yang and Shuibing He and Yuping Zhang},
    title = {Accelerating Biological Sequence Alignment Algorithm on GPU with CUDA},
    journal = {2011 International Conference on Computational and Information Sciences},
    year = {2011},
    pages = {1112--1115}
}

@Aticle{CUDA5,
    author    = {T. R. P. Siriwardena and D. N. Ranasinghe},
  title     = {Accelerating Global Sequence Alignment using CUDA Compatible Multi-core GPU},
  booktitle = {2010 Fifth International Conference on Information and Automation for Sustainability},
  year      = {2010},
  pages     = {250--255},
  doi       = {10.1109/ICIAFS.2010.5715652}
}

@article{CUDA6,
    author = {Kailash W. Kalare and Mohammad S. Obaidat and Jitendra V. Tembhurne and Chandrashekhar Meshram and Kuei-Fang Hsiao},
    title = {Parallelization of Global Sequence Alignment on Graphics Processing Unit},
    publisher = {IEEE},
    year = {2020}, 
    pages = {1 - 5}
}

@Aticle{NUMTs1,
    author = {Wei W and Schon KR and Elgar G and Orioli A and Tanguy M amd Giess A, et al.},
    title = {Nuclear-embedded mitochondrial DNA sequences in 66,083 human genomes},
    journal = {Nature},
    year = {2022},
    volum = {611},
    pages = {105-114}
}

@Aticle{Smith-Waterman,
    author = {Temple F. Smith and Michael S. Waterman},
    title = {Identification of Common Molecular Subsequences},
    journal = {Journal of Molecular Biology},
    year = {1981},
    pages = {195-197}
}

@Aticle{Affine-Gap,
    author = {Stephen F. Altschul and Bruce W. Erickson},
    title = {Optimal Sequence Alignment Using Affine Gap Costs},
    journal = {Bulletin of Mathematical Biology},
    year = {1986},
    pages = {603-616}
}

